<collection xmlns="http://www.loc.gov/MARC21/slim">
<record>
  <leader>00212na 0a2200085 i 450 </leader>
  <controlfield tag="001">IT\ICCU\CNCE\019157</controlfield>
  <controlfield tag="005">20170828000000.0</controlfield>
  <datafield tag="100" ind1=" " ind2=" ">
    <subfield code="a">19970101             0itac0103    ba</subfield>
  </datafield>
  <datafield tag="200" ind1="1" ind2=" ">
    <subfield code="a">Fioretti di paladini</subfield>
  </datafield>
  <datafield tag="801" ind1=" " ind2="3">
    <subfield code="a">IT</subfield>
    <subfield code="b">ICCU</subfield>
    <subfield code="c">20201114</subfield>
  </datafield>
</record>
</collection>
